<record><leader>00000cas a2200000 i 4500</leader><controlfield tag="001">894236841</controlfield><controlfield tag="008">141103u19uuuuuuflumr n       0   b0spa c</controlfield><datafield ind1=" " ind2=" " tag="010"><subfield code="a">  2017234425</subfield></datafield><datafield ind1=" " ind2=" " tag="040"><subfield code="a">FQG</subfield><subfield code="b">eng</subfield><subfield code="e">rda</subfield><subfield code="c">FQG</subfield><subfield code="d">OCLCF</subfield><subfield code="d">HUL</subfield><subfield code="d">DLC</subfield><subfield code="d">HUL</subfield></datafield><datafield ind1=" " ind2=" " tag="012"><subfield code="l">a</subfield></datafield><datafield ind1="0" ind2=" " tag="022"><subfield code="a">2574-3708</subfield><subfield code="l">2574-3708</subfield><subfield code="2">1</subfield></datafield><datafield ind1=" " ind2=" " tag="042"><subfield code="a">pcc</subfield><subfield code="a">nsdp</subfield></datafield><datafield ind1=" " ind2=" " tag="043"><subfield code="a">n-us-fl</subfield></datafield><datafield ind1="1" ind2="0" tag="050"><subfield code="a">ISSN RECORD</subfield></datafield><datafield ind1="1" ind2="0" tag="082"><subfield code="a">070</subfield><subfield code="2">23</subfield></datafield><datafield ind1="0" ind2=" " tag="130"><subfield code="a">Ecos (Tampa, Fla.)</subfield></datafield><datafield ind1=" " ind2="0" tag="222"><subfield code="a">Ecos</subfield><subfield code="b">(Tampa)</subfield></datafield><datafield ind1="1" ind2="0" tag="245"><subfield code="a">Ecos.</subfield></datafield><datafield ind1="1" ind2="3" tag="246"><subfield code="a">Ecos de fiesta en Tampa</subfield></datafield><datafield ind1=" " ind2="3" tag="264"><subfield code="a">Tampa, Florida :</subfield><subfield code="b">ABC Printers</subfield></datafield><datafield ind1=" " ind2=" " tag="300"><subfield code="a">volume :</subfield><subfield code="b">illustrations ;</subfield><subfield code="c">31 cm</subfield></datafield><datafield ind1=" " ind2=" " tag="310"><subfield code="a">Monthly</subfield></datafield><datafield ind1=" " ind2=" " tag="336"><subfield code="a">text</subfield><subfield code="b">txt</subfield><subfield code="2">rdacontent</subfield></datafield><datafield ind1=" " ind2=" " tag="337"><subfield code="a">unmediated</subfield><subfield code="b">n</subfield><subfield code="2">rdamedia</subfield></datafield><datafield ind1=" " ind2=" " tag="338"><subfield code="a">volume</subfield><subfield code="b">nc</subfield><subfield code="2">rdacarrier</subfield></datafield><datafield ind1=" " ind2=" " tag="500"><subfield code="a">Editor: Ruben Fabelo.</subfield></datafield><datafield ind1=" " ind2=" " tag="500"><subfield code="a">"Fiesta en Tampa."</subfield></datafield><datafield ind1=" " ind2=" " tag="588"><subfield code="a">Description based on: Julio 1959; title from caption.</subfield></datafield><datafield ind1=" " ind2=" " tag="588"><subfield code="a">Latest issue consulted: Julio 1959.</subfield></datafield><datafield ind1=" " ind2="0" tag="650"><subfield code="a">Cubans</subfield><subfield code="z">Florida</subfield><subfield code="z">Tampa</subfield><subfield code="v">Newspapers.</subfield></datafield><datafield ind1=" " ind2="0" tag="650"><subfield code="a">Hispanic Americans</subfield><subfield code="z">Florida</subfield><subfield code="z">Tampa</subfield><subfield code="v">Newspapers.</subfield></datafield><datafield ind1=" " ind2="0" tag="651"><subfield code="a">Tampa (Fla.)</subfield><subfield code="v">Newspapers.</subfield></datafield><datafield ind1=" " ind2="0" tag="651"><subfield code="a">Hillsborough County (Fla.)</subfield><subfield code="v">Newspapers.</subfield></datafield><datafield ind1=" " ind2="7" tag="650"><subfield code="a">Cubans.</subfield><subfield code="2">fast</subfield><subfield code="0">(OCoLC)fst00884834</subfield></datafield><datafield ind1=" " ind2="7" tag="650"><subfield code="a">Hispanic Americans.</subfield><subfield code="2">fast</subfield><subfield code="0">(OCoLC)fst00957523</subfield></datafield><datafield ind1=" " ind2="7" tag="651"><subfield code="a">Florida</subfield><subfield code="z">Hillsborough County.</subfield><subfield code="2">fast</subfield><subfield code="0">(OCoLC)fst01210214</subfield></datafield><datafield ind1=" " ind2="7" tag="651"><subfield code="a">Florida</subfield><subfield code="z">Tampa.</subfield><subfield code="2">fast</subfield><subfield code="0">(OCoLC)fst01206282</subfield></datafield><datafield ind1=" " ind2="7" tag="655"><subfield code="a">Newspapers.</subfield><subfield code="2">fast</subfield><subfield code="0">(OCoLC)fst01423814</subfield></datafield><datafield ind1=" " ind2=" " tag="752"><subfield code="a">United States</subfield><subfield code="b">Florida</subfield><subfield code="c">Hillsborough</subfield><subfield code="d">Tampa.</subfield></datafield><datafield ind1="0" ind2="8" tag="776"><subfield code="i">Microfilm version:</subfield><subfield code="t">Ecos (Tampa, Fla.)</subfield><subfield code="w">(OCoLC)50209885</subfield></datafield><datafield ind1="0" ind2="8" tag="776"><subfield code="i">Online version:</subfield><subfield code="t">Ecos (Tampa, Fla.)</subfield><subfield code="w">(DLC)  2010254250</subfield><subfield code="w">(OCoLC)496013758</subfield></datafield><datafield ind1="4" ind2="1" tag="856"><subfield code="u">http://infoweb.newsbank.com/?db=EANX&amp;s_browseRef=decades/11E3ECE16A02CC29/all.xml</subfield></datafield></record>